@inproceedings{ClOo13,
 author = {Clark, Jeremy and van Oorschot, Paul C.},
 title = {SoK: SSL and HTTPS: Revisiting Past Challenges and Evaluating Certificate Trust Model Enhancements},
 booktitle = {Proc. IEEE Symposium on Security and Privacy},
 ssseries = {SP '13},
 year = {2013},
 isbn = {978-0-7695-4977-4},
 pages = {511--525},
 numpages = {15},
 url = {http://dx.doi.org/10.1109/SP.2013.41},
 doi = {10.1109/SP.2013.41},
 acmid = {2498131},
 publisher = {IEEE Computer Society},
 aaaddress = {Washington, DC, USA},
 keywords = {SSL, certificates, browser trust model, usability},
} 

@inproceedings{DKBH13,
 author = {Durumeric, Zakir and Kasten, James and Bailey, Michael and Halderman, J. Alex},
 title = {Analysis of the HTTPS Certificate Ecosystem},
 booktitle = {Proc. IMC},
 ssseries = {IMC '13},
 year = {2013},
 isbn = {978-1-4503-1953-9},
 location = {Barcelona, Spain},
 pages = {291--304},
 numpages = {14},
 url = {http://doi.acm.org/10.1145/2504730.2504755},
 doi = {10.1145/2504730.2504755},
 acmid = {2504755},
 publisher = {ACM},
 address = {New York, NY, USA},
 keywords = {HTTPS, SSL, TLS, certificates, internet-wide scanning, measurement, public-key infrastructure, security, x.509},
} 


@inproceedings{LEMD12,
 author = {Levillain, Olivier and \'{E}balard, Arnaud and Morin, Benjamin and Debar, Herv{\'e}},
 title = {One Year of SSL Internet Measurement},
 booktitle = {Proc. ACSAC},
 ssseries = {ACSAC '12},
 year = {2012},
 isbn = {978-1-4503-1312-4},
 llllocation = {Orlando, Florida, USA},
 pages = {11--20},
 numpages = {10},
 url = {http://doi.acm.org/10.1145/2420950.2420953},
 doi = {10.1145/2420950.2420953},
 acmid = {2420953},
 publisher = {ACM},
 aaaaddress = {New York, NY, USA},
 keywords = {HTTPS, SSL/TLS, X.509, certificates, internet measure},
} 

@inproceedings{AAVS13,
 author = {Akhawe, Devdatta and Amann, Bernhard and Vallentin, Matthias and Sommer, Robin},
 title = {Here's My Cert, So Trust Me, Maybe?: Understanding TLS Errors on the Web},
 booktitle = {Proc. WWW},
 ssseries = {WWW '13},
 year = {2013},
 isbn = {978-1-4503-2035-1},
 lllocation = {Rio de Janeiro, Brazil},
 pages = {59--70},
 numpages = {12},
 url = {http://dl.acm.org/citation.cfm?id=2488388.2488395},
 acmid = {2488395},
 publisher = {International World Wide Web Conferences Steering Committee},
 aaaddress = {Republic and Canton of Geneva, Switzerland},
 keywords = {tls, warnings},
} 

@inproceedings{HBKC11,
 author = {Holz, Ralph and Braun, Lothar and Kammenhuber, Nils and Carle, Georg},
 title = {The SSL Landscape: A Thorough Analysis of the x.509 PKI Using Active and Passive Measurements},
 booktitle = {Proc. IMC},
 year = {2011},
 isbn = {978-1-4503-1013-0},
 location = {Berlin, Germany},
 pages = {427--444},
 numpages = {18},
 url = {http://doi.acm.org/10.1145/2068816.2068856},
 doi = {10.1145/2068816.2068856},
 acmid = {2068856},
 publisher = {ACM},
 aaaddress = {New York, NY, USA},
 keywords = {HTTPS, SSL, TLS, X.509, certificates, public key infrastructure},
}

@inproceedings{VCMS15,
author = {Anna Vapen and Niklas Carlsson and Anirban Mahanti and Nahid Shahmehri}, 
title = {Information Sharing and User Privacy in the Third-party Identity Management Landscape},
booktitle = {Proc. IFIP SEC}, 
aaadress = {Hamburg, Germany}, 
mmmonth = {May},
year = {2015}
} 


@article{Armo14,
author = {S. Armour},
journal ={Wall Street Journal},
title = {Data Brokers Come Under Fresh Scrutiny: Consumer Profiles Marketed to Lenders},
month = {Feb. 12},
uuuurl = {http://online.wsj.com/news/articles/SB10001424052702303874504579377164099831516},
year = {2014}
}


@inproceedings{NKJ+13,
author = {N. Nikiforakis and A. Kapravelos and W. Joosen and C. Kruegel and F. Piessens and G. Vigna},
title = {Cookieless monster: Exploring the ecosystem of web-based device fingerprinting},
booktitle = {Proc. IEEE Symposium on Security and Privacy}, 
pages = {541-–555},
year = {2013}
}

@inproceedings{AJN+13,
author = {G. Acar and M. Juarez and N. Nikiforakis and C. Diaz and S. Gurses and F. Piessens and B. Preneel},
title = {FPDetective: Dusting the Web for fingerprinters},
booktitle = {Proc. ACM CCS},
year = {2013},
pages = {1129–-1140}
}

@inproceedings{RoKW12,
author = {F. Roesner and T. Kohno and D. Wetherall},
title = {Detecting and Defending Against Third-Party Tracking on the Web},
booktitle = {Proc. NSDI},
year = {2012}
}

@inproceedings{MaMi12,
author = {J. R. Mayer and J. C. Mitchell},
title = {Third-party web tracking: Policy and technology},
booktitle = {Proc. IEEE Symposium on Security and Privacy},
pages = {413-–427},
year = {2012}
}

@inproceedings{KrWi09,
author = {B. Krishnamurthy and C. Wills},
title = {Privacy diffusion on the Web: a longitudinal perspective},
booktitle = {Proc. WWW},
year = {2009},
pages = {541-–550}
}

@inproceedings{NIK+12,
author = {N. Nikiforakis and L. Invernizzi and A. Kapravelos and S. Van Acker and W. Joosen and C. Kruegel and F. Piessens and G. Vigna},
title = {You are what you include: Large-scale evaluation of remote javascript inclusions},
booktitle = {Proc. ACM CCS},
year = {2012}
}

@inproceedings{LSW+13,
author = {B. Liu and A. Sheth and U. Weinsberg and J. Chandrashekar and R. Govindan},
title = {AdReveal: Improving transparency into online targeted advertising},
booktitle = {Proc. ACM HotNets},
year = {2013}
}

@inproceedings{NFL+14,
author = {David Naylor and Alessandro Finamore and Ilias Leontiadis and Yan Grunenberger and Marco Mellia and Maurizio Munafo and Konstantina Papagiannaki and Peter Steenkiste}, 
title = {The Cost of the {"S"} in {HTTPS}},
booktitle = {Proc. ACM CoNEXT},
mmmmonth = {December},
year = {2014},
aaaaddress = {Sydney, Australia}
}

@inproceedings{BuMS11,
 author = {Butkiewicz, Michael and Madhyastha, Harsha V. and Sekar, Vyas},
 title = {Understanding Website Complexity: Measurements, Metrics, and Implications},
 booktitle = {Proc. ACM IMC},
 mmmonth = {November},
 year = {2011},
 iiiiisbn = {978-1-4503-1013-0},
 aaadress = {Berlin, Germany},
 pppages = {313--328},
 nnnumpages = {16},
 uuuurl = {http://doi.acm.org/10.1145/2068816.2068846},
 ddddoi = {10.1145/2068816.2068846},
 aaaacmid = {2068846},
 pppublisher = {ACM},
 aaaaaddress = {New York, NY, USA},
 kkkkkeywords = {page load times, web page complexity},
}



@inproceedings{LMK+11,
	Acmid = {1963417},
	aaaaAddress = {New York, NY, USA},
	Author = {Lv, Yuanhua and Moon, Taesup and Kolari, Pranam and Zheng, Zhaohui and Wang, Xuanhui and Chang, Yi},
	Booktitle = {Proc. WWW},
	ddDate-Added = {2015-02-04 14:52:57 +0000},
	dddDate-Modified = {2015-02-04 14:53:23 +0000},
	ddDoi = {10.1145/1963405.1963417},
	iiIsbn = {978-1-4503-0632-4},
	kKeywords = {connection clarity, learning, novelty, post-click news recommendation, relatedness, relevance, transition smoothness},
	llLocation = {Hyderabad, India},
	nnNumpages = {10},
	ppPages = {57--66},
	pPublisher = {ACM},
	sSeries = {WWW '11},
	Title = {Learning to Model Relatedness for News Recommendation},
	uuUrl = {http://doi.acm.org/10.1145/1963405.1963417},
	Year = {2011},
	Bdsk-Url-1 = {http://doi.acm.org/10.1145/1963405.1963417},
	Bdsk-Url-2 = {http://dx.doi.org/10.1145/1963405.1963417}}

@inproceedings{WeGB12,
	Acmid = {2380761},
	aaaAddress = {New York, NY, USA},
	Author = {Weber, Ingmar and Garimella, Venkata Rama Kiran and Borra, Erik},
	Booktitle = {Proc. ACM Web Science Conference},
	Date-Added = {2015-02-04 14:48:05 +0000},
	Date-Modified = {2015-02-04 14:48:44 +0000},
	Doi = {10.1145/2380718.2380761},
	Isbn = {978-1-4503-1228-8},
	Keywords = {opinion mining and sentiment analysis, partisanship, political leaning, web search logs},
	llLocation = {Evanston, Illinois},
	Numpages = {5},
	ppPages = {330--334},
	Publisher = {ACM},
	Series = {WebSci '12},
	Title = {Mining Web Query Logs to Analyze Political Issues},
	Url = {http://doi.acm.org/10.1145/2380718.2380761},
	Year = {2012},
	Bdsk-Url-1 = {http://doi.acm.org/10.1145/2380718.2380761},
	Bdsk-Url-2 = {http://dx.doi.org/10.1145/2380718.2380761}}

@inproceedings{LCMM10,
	Acmid = {1866932},
	aaaAddress = {New York, NY, USA},
	Author = {Leon, Pedro Giovanni and Cranor, Lorrie Faith and McDonald, Aleecia M. and McGuire, Robert},
	Booktitle = {Proceedings of ACM Workshop on Privacy in the Electronic Society},
	Date-Added = {2015-02-04 14:41:25 +0000},
	Date-Modified = {2015-02-04 14:42:00 +0000},
	Doi = {10.1145/1866919.1866932},
	Isbn = {978-1-4503-0096-4},
	Keywords = {compact policies, cookies, p3p, privacy, privacy agents},
	Location = {Chicago, Illinois, USA},
	Numpages = {12},
	Pages = {93--104},
	Publisher = {ACM},
	Series = {WPES '10},
	Title = {Token Attempt: The Misrepresentation of Website Privacy Policies Through the Misuse of P3P Compact Policy Tokens},
	Url = {http://doi.acm.org/10.1145/1866919.1866932},
	Year = {2010},
	Bdsk-Url-1 = {http://doi.acm.org/10.1145/1866919.1866932},
	Bdsk-Url-2 = {http://dx.doi.org/10.1145/1866919.1866932}}

@article{GAC+11,
	Acmid = {2019646},
	aaAddress = {New York, NY, USA},
	Articleno = {19},
	Author = {Gill, Phillipa and Arlitt, Martin and Carlsson, Niklas and Mahanti, Anirban and Williamson, Carey},
	Date-Added = {2015-02-03 23:23:21 +0000},
	Date-Modified = {2015-02-03 23:23:21 +0000},
	Doi = {10.1145/2019643.2019646},
	Issn = {1559-1131},
	Issue_Date = {October 2011},
	Journal = {ACM Trans. Web},
	Keywords = {Web-based services, Workload characterization, organizational use},
	Month = oct,
	Number = {4},
	Numpages = {23},
	Pages = {19:1--19:23},
	Publisher = {ACM},
	Title = {Characterizing Organizational Use of Web-Based Services: Methodology, Challenges, Observations, and Insights},
	Url = {http://doi.acm.org/10.1145/2019643.2019646},
	Volume = {5},
	Year = {2011},
	Bdsk-Url-1 = {http://doi.acm.org/10.1145/2019643.2019646},
	Bdsk-Url-2 = {http://dx.doi.org/10.1145/2019643.2019646}}

@inproceedings{VCMS14,
	Author = {Vapen, Anna and Carlsson, Niklas and Mahanti, Anirban and Shahmehri, Nahid},
	Booktitle = {Proc. Passive and Active Measurement},
	ddDate-Added = {2015-02-02 21:01:24 +0000},
	ddDate-Modified = {2015-02-02 21:05:59 +0000},
	ddDoi = {10.1007/978-3-319-04918-2_15},
	eeeEditor = {Faloutsos, Michalis and Kuzmanovic, Aleksandar},
	iiIsbn = {978-3-319-04917-5},
	llLanguage = {English},
	Pages = {151-162},
	ppPublisher = {Springer International Publishing},
	sssSeries = {Lecture Notes in Computer Science},
	Title = {Third-Party Identity Management Usage on the Web},
	uuUrl = {http://dx.doi.org/10.1007/978-3-319-04918-2_15},
	vvVolume = {8362},
	Year = {2014},
	bbBdsk-Url-1 = {http://dx.doi.org/10.1007/978-3-319-04918-2_15}}

@article{Kris13,
        Acmid = {2498600},
        aaAddress = {Piscataway, NJ, USA},
	Author = {Krishnamurthy, Balachander},
	Doi = {10.1109/MSP.2013.66},
	Issn = {1540-7993},
	Issue_Date = {May 2013},
	Journal = {IEEE Security and Privacy},
	Month = May,
	Number = {3},
	Numpages = {7},
	Pages = {14--20},
	Publisher = {IEEE Educational Activities Department},
	Title = {Privacy and Online Social Networks: Can Colorless Green Ideas Sleep Furiously?},
	Url = {http://dx.doi.org/10.1109/MSP.2013.66},
	Volume = {11},
	Year = {2013},
	Bdsk-Url-1 = {http://dx.doi.org/10.1109/MSP.2013.66}}

@inproceedings{YZL+13,
	Acmid = {2512945},
	aaAddress = {New York, NY, USA},
	Author = {Yuan, Nicholas Jing and Zhang, Fuzheng and Lian, Defu and Zheng, Kai and Yu, Siyu and Xie, Xing},
	Booktitle = {Proceedings of ACM Conference on Online Social Networks},
	Date-Added = {2014-12-10 11:01:12 +0000},
	Date-Modified = {2014-12-10 12:24:54 +0000},
	Doi = {10.1145/2512938.2512945},
	Isbn = {978-1-4503-2084-9},
	Keywords = {lifespec, lifestyle, lifestyle spectrum, living pattern},
	Location = {Boston, Massachusetts, USA},
	Numpages = {12},
	Pages = {3--14},
	Publisher = {ACM},
	Series = {COSN '13},
	Title = {We Know How You Live: Exploring the Spectrum of Urban Lifestyles},
	Url = {http://doi.acm.org/10.1145/2512938.2512945},
	Year = {2013},
	Bdsk-Url-1 = {http://doi.acm.org/10.1145/2512938.2512945},
	Bdsk-Url-2 = {http://dx.doi.org/10.1145/2512938.2512945}}

@inproceedings{AiLa13,
	Acmid = {2545186},
	Address = {Washington, DC, USA},
	Author = {A{\"\i}meur, Esma and Lafond, Manuel},
	Booktitle = {Proc. ARES},
	Date-Added = {2014-12-10 10:14:35 +0000},
	Date-Modified = {2015-02-02 20:54:30 +0000},
	Doi = {10.1109/ARES.2013.110},
	Isbn = {978-0-7695-5008-4},
	Keywords = {Internet data collection, information disclosure, privacy, open access information, privacy policies},
	Numpages = {8},
	Pages = {821--828},
	Publisher = {IEEE Computer Society},
	ssSeries = {ARES '13},
	Title = {The Scourge of Internet Personal Data Collection},
	Url = {http://dx.doi.org/10.1109/ARES.2013.110},
	Year = {2013},
	Bdsk-Url-1 = {http://dx.doi.org/10.1109/ARES.2013.110}}

@inproceedings{SLB+14,
	Acmid = {2660477},
	Address = {New York, NY, USA},
	Author = {Saez-Trumper, Diego and Liu, Yabing and Baeza-Yates, Ricardo and Krishnamurthy, Balachander and Mislove, Alan},
	Booktitle = {Proc. ACM COSN},
	Date-Added = {2014-12-10 10:08:27 +0000},
	Date-Modified = {2014-12-10 10:08:38 +0000},
	Doi = {10.1145/2660460.2660477},
	Isbn = {978-1-4503-3198-2},
	Keywords = {online advertising, online social networks, user value},
	Location = {Dublin, Ireland},
	Numpages = {8},
	Pages = {161--168},
	ppPublisher = {ACM},
	sssSeries = {COSN '14},
	Title = {Beyond CPM and CPC: Determining the Value of Users on OSNs},
	Url = {http://doi.acm.org/10.1145/2660460.2660477},
	Year = {2014},
	Bdsk-Url-1 = {http://doi.acm.org/10.1145/2660460.2660477},
	Bdsk-Url-2 = {http://dx.doi.org/10.1145/2660460.2660477}}

@inproceedings{AEE+14,
	Acmid = {2660347},
	aaAddress = {New York, NY, USA},
	Author = {Acar, Gunes and Eubank, Christian and Englehardt, Steven and Juarez, Marc and Narayanan, Arvind and Diaz, Claudia},
	Booktitle = {Proc. ACM CCS},
	Date-Added = {2014-12-10 07:49:16 +0000},
	Date-Modified = {2014-12-10 07:50:06 +0000},
	Doi = {10.1145/2660267.2660347},
	Isbn = {978-1-4503-2957-6},
	Keywords = {browser fingerprinting, canvas fingerprinting, cookie syncing, evercookie, javascript, flash, privacy, tracking, web security},
	Location = {Scottsdale, Arizona, USA},
	Numpages = {16},
	Pages = {674--689},
	Publisher = {ACM},
	Series = {CCS '14},
	Title = {The Web Never Forgets: Persistent Tracking Mechanisms in the Wild},
	Url = {http://doi.acm.org/10.1145/2660267.2660347},
	Year = {2014},
	Bdsk-Url-1 = {http://doi.acm.org/10.1145/2660267.2660347},
	Bdsk-Url-2 = {http://dx.doi.org/10.1145/2660267.2660347}}

@techreport{FiDa14,
	Author = {Findahl, Olle and Davidsson, Pamela},
	Date-Added = {2014-12-09 16:51:19 +0000},
	Date-Modified = {2014-12-09 16:52:09 +0000},
	Institution = {.SE The Internet Infrastructure Foundation},
	Title = {Svenskarna och internet 2014},
	Year = {2014}}

@inproceedings{GuCF10,
	Acmid = {1879152},
	aaAddress = {New York, NY, USA},
	Author = {Guha, Saikat and Cheng, Bin and Francis, Paul},
	Booktitle = {Proc. IMC},
	Date-Added = {2014-12-09 12:41:34 +0000},
	Date-Modified = {2014-12-09 13:17:08 +0000},
	Doi = {10.1145/1879141.1879152},
	Isbn = {978-1-4503-0483-2},
	Keywords = {advertising, behavioral targeting, churn, contextual, facebook, google, privacy, similarity},
	Location = {Melbourne, Australia},
	Numpages = {7},
	Pages = {81--87},
	Publisher = {ACM},
	ssSeries = {IMC '10},
	Title = {Challenges in Measuring Online Advertising Systems},
	Url = {http://doi.acm.org/10.1145/1879141.1879152},
	Year = {2010},
	Bdsk-Url-1 = {http://doi.acm.org/10.1145/1879141.1879152},
	Bdsk-Url-2 = {http://dx.doi.org/10.1145/1879141.1879152}}

@inproceedings{DoSW07,
	Acmid = {1242651},
	aaaAddress = {New York, NY, USA},
	Author = {Dou, Zhicheng and Song, Ruihua and Wen, Ji-Rong},
	Booktitle = {Proc. WWW},
	Date-Added = {2014-12-09 12:40:17 +0000},
	Date-Modified = {2014-12-09 13:25:34 +0000},
	Doi = {10.1145/1242572.1242651},
	Isbn = {978-1-59593-654-7},
	Keywords = {click-through, personalization, personalized search, query log, re-ranking},
	Location = {Banff, Alberta, Canada},
	Numpages = {10},
	Pages = {581--590},
	Publisher = {ACM},
	sssSeries = {WWW '07},
	Title = {A Large-scale Evaluation and Analysis of Personalized Search Strategies},
	Url = {http://doi.acm.org/10.1145/1242572.1242651},
	Year = {2007},
	Bdsk-Url-1 = {http://doi.acm.org/10.1145/1242572.1242651},
	Bdsk-Url-2 = {http://dx.doi.org/10.1145/1242572.1242651}}

@book{Pari11,
	Address = {New York},
	Author = {Pariser, Eli},
	Date-Added = {2014-12-09 12:15:59 +0000},
	Date-Modified = {2014-12-09 12:16:17 +0000},
	Isbn = {9781594203008},
	Publisher = {Penguin Press},
	Title = {The filter bubble : what the Internet is hiding from you},
	Year = {2011}}

@inproceedings{MGEL13,
	Acmid = {2535415},
	Address = {New York, NY, USA},
	Author = {Mikians, Jakub and Gyarmati, L\'{a}szl\'{o} and Erramilli, Vijay and Laoutaris, Nikolaos},
	Booktitle = {Proc. ACM CoNEXT},
	Date-Added = {2014-12-09 12:01:29 +0000},
	Date-Modified = {2014-12-09 13:17:24 +0000},
	Doi = {10.1145/2535372.2535415},
	Isbn = {978-1-4503-2101-3},
	Keywords = {e-commerce, economics, measurement, price discrimination, privacy, search},
	Location = {Santa Barbara, California, USA},
	Numpages = {6},
	Pages = {1--6},
	Publisher = {ACM},
	ssSeries = {CoNEXT '13},
	Title = {Crowd-assisted Search for Price Discrimination in e-Commerce: First Results},
	Url = {http://doi.acm.org/10.1145/2535372.2535415},
	Year = {2013},
	Bdsk-Url-1 = {http://doi.acm.org/10.1145/2535372.2535415},
	Bdsk-Url-2 = {http://dx.doi.org/10.1145/2535372.2535415}}

@inproceedings{HSL+14,
	Acmid = {2663744},
	aaaAddress = {New York, NY, USA},
	Author = {Hannak, Aniko and Soeller, Gary and Lazer, David and Mislove, Alan and Wilson, Christo},
	Booktitle = {Proc. IMC},
	Date-Added = {2014-12-09 11:44:34 +0000},
	Date-Modified = {2014-12-09 11:46:00 +0000},
	Doi = {10.1145/2663716.2663744},
	Isbn = {978-1-4503-3213-2},
	Keywords = {e-commerce, personalization, price discrimination, search},
	Location = {Vancouver, BC, Canada},
	Numpages = {14},
	Pages = {305--318},
	Publisher = {ACM},
	ssSeries = {IMC '14},
	Title = {Measuring Price Discrimination and Steering on E-commerce Web Sites},
	Url = {http://doi.acm.org/10.1145/2663716.2663744},
	Year = {2014},
	Bdsk-Url-1 = {http://doi.acm.org/10.1145/2663716.2663744},
	Bdsk-Url-2 = {http://dx.doi.org/10.1145/2663716.2663744}}

@techreport{Ahlgren:2014aa,
	Author = {Ahlgren, Marianne and Davidsson, Pamela},
	Date-Added = {2014-10-19 08:12:58 +0000},
	Date-Modified = {2014-10-19 08:14:42 +0000},
	Institution = {.SE The Internet Infrastructure Foundation},
	Title = {Svenskarna och politiken p{\aa} internet -- delaktighet, p{\aa}verkan och {\"o}vervakning},
	Year = {2014}}

@inproceedings{SmDX11,
	Author = {Smith, H. Jeff and Dinev, Tamara and Xu, Heng},
	Booktitle = {MIS Quarterly},
	Date-Added = {2014-10-18 21:43:23 +0000},
	Date-Modified = {2014-10-18 21:57:45 +0000},
	Editor = {Markus, M. Lynne and Pavlou, Paul},
	Keywords = {Information privacy, multi-theory, regulation, society, interdisciplinary},
	Month = {December},
	Number = {4},
	Pages = {989-1015},
	Title = {Information Privacy Research: An Interdisciplinary Review},
	Volume = {35},
	Year = {2011}}

@inproceedings{M.-Ayenson:2011aa,
	Author = {M. Ayenson, D. J. Wambach, A. Soltani N. Good and Hoofnagle, C. J.},
	Booktitle = {Social Science Research Network Working Paper Series},
	Date-Added = {2014-10-15 14:08:12 +0000},
	Date-Modified = {2014-12-09 13:31:09 +0000},
	Month = {July},
	Title = {Flash cookies and privacy II: Now with HTML5 and ETag respawning},
	Year = {2011}}

@techreport{Lowinder:2008:healthstatus,
	Author = {L{\"o}winder, Anne-Marie Eklund},
	Date-Added = {2014-09-23 19:50:34 +0000},
	Date-Modified = {2014-09-23 19:50:59 +0000},
	Institution = {.SE The Internet Infrastructure Foundation},
	Keywords = {iis, .se, sweden, internet, domains, dns, dnssec, ip, ipv6, e-mail, www, web},
	Read = {0},
	Title = {Health Status 2008},
	Url = {https://www.iis.se/docs/Rapport-Halsolaget-2008.pdf},
	Year = {2008},
	Bdsk-Url-1 = {https://www.iis.se/docs/Healthcheck2011-Reachability.pdf}}

@techreport{Lowinder:2009:healthstatus,
	Author = {L{\"o}winder, Anne-Marie Eklund},
	Date-Added = {2014-09-23 19:49:26 +0000},
	Date-Modified = {2014-09-23 19:50:18 +0000},
	Institution = {.SE The Internet Infrastructure Foundation},
	Keywords = {iis, .se, sweden, internet, domains, dns, dnssec, ip, ipv6, e-mail, www, web},
	Read = {0},
	Title = {Health Status 2009},
	Url = {https://www.iis.se/docs/Rapport-Halsolaget-2009-final23.pdf},
	Year = {2009},
	Bdsk-Url-1 = {https://www.iis.se/docs/Healthcheck2011-Reachability.pdf}}

@techreport{Lowinder:2010:healthstatus,
	Author = {L{\"o}winder, Anne-Marie Eklund and Wallstr{\"o}m, Patrik},
	Date-Added = {2014-09-23 19:48:06 +0000},
	Date-Modified = {2014-09-23 19:49:18 +0000},
	Institution = {.SE The Internet Infrastructure Foundation},
	Keywords = {iis, .se, sweden, internet, domains, dns, dnssec, ip, ipv6, e-mail, www, web, google analytics},
	Read = {0},
	Title = {Health Status 2010},
	Url = {https://www.iis.se/docs/Rapport-Halsolaget-2010-101026.pdf},
	Year = {2010},
	Bdsk-Url-1 = {https://www.iis.se/docs/Healthcheck2011-Reachability.pdf}}

@techreport{Lowinder:2013:healthstatus,
	Author = {L{\"o}winder, Anne-Marie Eklund},
	Date-Added = {2014-08-11 14:20:39 +0000},
	Date-Modified = {2014-08-11 14:22:16 +0000},
	Institution = {.SE The Internet Infrastructure Foundation},
	Keywords = {iis, .se, sweden, internet, domains, dns, dnssec, ip, ipv6, e-mail, www, web, google analytics},
	Read = {0},
	Title = {Health Status 2013},
	Url = {https://www.iis.se/docs/Halsolaget_i_se_2013.pdf},
	Year = {2013},
	Bdsk-Url-1 = {https://www.iis.se/docs/Halsolaget_i_se_2013.pdf}}

@article{Tange2011a,
	Address = {Frederiksberg, Denmark},
	Author = {Tange, O.},
	Date-Added = {2014-07-16 13:55:24 +0000},
	Date-Modified = {2014-07-16 13:55:24 +0000},
	Journal = {;login: The USENIX Magazine},
	Month = {Feb},
	Number = {1},
	Pages = {42-47},
	Title = {GNU Parallel - The Command-Line Power Tool},
	Url = {http://www.gnu.org/s/parallel},
	Volume = {36},
	Year = {2011},
	Bdsk-Url-1 = {http://www.gnu.org/s/parallel}}

@inproceedings{KrWi08,
	Acmid = {1397744},
	aaAddress = {New York, NY, USA},
	Author = {Krishnamurthy, Balachander and Wills, Craig E.},
	Booktitle = {Proc. WOSN},
	Date-Added = {2014-04-15 14:32:07 +0000},
	Date-Modified = {2014-10-15 18:12:46 +0000},
	Doi = {10.1145/1397735.1397744},
	Isbn = {978-1-60558-182-8},
	Keywords = {online social networks, privacy},
	Location = {Seattle, WA, USA},
	Numpages = {6},
	Pages = {37--42},
	Publisher = {ACM},
	Series = {WOSN '08},
	Title = {Characterizing Privacy in Online Social Networks},
	Url = {http://doi.acm.org/10.1145/1397735.1397744},
	Year = {2008},
	Bdsk-Url-1 = {http://doi.acm.org/10.1145/1397735.1397744},
	Bdsk-Url-2 = {http://dx.doi.org/10.1145/1397735.1397744}}

@techreport{Lowinder:2011:healthstatus,
	Author = {L{\"o}winder, Anne-Marie Eklund and Wallstr{\"o}m, Patrik},
	Date-Added = {2014-04-07 08:42:08 +0000},
	Date-Modified = {2014-04-07 08:44:20 +0000},
	Institution = {.SE The Internet Infrastructure Foundation},
	Keywords = {iis, .se, sweden, internet, domains, dns, dnssec, ip, ipv6, e-mail, www, web, google analytics},
	Read = {0},
	Title = {Health Status 2011},
	Url = {https://www.iis.se/docs/Healthcheck2011-Reachability.pdf},
	Year = {2011},
	Bdsk-Url-1 = {https://www.iis.se/docs/Healthcheck2011-Reachability.pdf}}

@misc{.SE:2013:annualreport,
	Author = {.SE},
	Date-Added = {2014-04-02 12:05:04 +0000},
	Date-Modified = {2014-04-02 12:14:09 +0000},
	Institution = {.SE The Internet Infrastructure Foundation},
	Keywords = {iis, .se, sweden},
	Title = {Annual Report},
	Url = {https://www.iis.se/docs/SE-Annual-Report-2012.pdf},
	Year = {2013},
	Bdsk-Url-1 = {https://www.iis.se/docs/SE-Annual-Report-2012.pdf}}

@inproceedings{Kumar:2013:GBT:2522548.2523129,
	Acmid = {2523129},
	Address = {New York, NY, USA},
	Articleno = {12},
	Author = {Kumar, Saurabh and Kulkarni, Mayank},
	Booktitle = {Proceedings of ACM India Computing Convention},
	Date-Added = {2014-03-25 15:20:19 +0000},
	Date-Modified = {2014-10-15 18:13:12 +0000},
	Doi = {10.1145/2522548.2523129},
	Isbn = {978-1-4503-2545-5},
	Keywords = {user personalization, user recommendation},
	Location = {Vellore, Tamil Nadu, India},
	Numpages = {7},
	Pages = {12:1--12:7},
	Publisher = {ACM},
	Series = {Compute '13},
	Title = {Graph Based Techniques for User Personalization of News Streams},
	Url = {http://doi.acm.org/10.1145/2522548.2523129},
	Year = {2013},
	Bdsk-Url-1 = {http://doi.acm.org/10.1145/2522548.2523129},
	Bdsk-Url-2 = {http://dx.doi.org/10.1145/2522548.2523129}}

@article{Tan:2002:DWR:593432.593521,
	Acmid = {593521},
	Address = {Hingham, MA, USA},
	Author = {Tan, Pang-Ning and Kumar, Vipin},
	Date-Added = {2014-03-25 13:00:07 +0000},
	Date-Modified = {2014-03-25 13:00:07 +0000},
	Doi = {10.1023/A:1013228602957},
	Issn = {1384-5810},
	Issue_Date = {January 2002},
	Journal = {Data Min. Knowl. Discov.},
	Keywords = {classification, data mining, web robot detection, web usage mining},
	Month = jan,
	Number = {1},
	Numpages = {27},
	Pages = {9--35},
	Publisher = {Kluwer Academic Publishers},
	Title = {Discovery of Web Robot Sessions Based on Their Navigational Patterns},
	Url = {http://dx.doi.org/10.1023/A:1013228602957},
	Volume = {6},
	Year = {2002},
	Bdsk-Url-1 = {http://dx.doi.org/10.1023/A:1013228602957},
	Bdsk-Url-2 = {http://www.cse.msu.edu/~ptan/papers/DMKD.pdf}}

@inproceedings{Lourenco:2006:CWC:1145581.1145634,
	Acmid = {1145634},
	Address = {New York, NY, USA},
	Author = {Louren\c{c}o, An\'{a}lia G. and Belo, Orlando O.},
	Booktitle = {Proceedings of International Conference on Web Engineering},
	Date-Added = {2014-03-25 12:57:02 +0000},
	Date-Modified = {2014-10-15 18:13:51 +0000},
	Doi = {10.1145/1145581.1145634},
	Isbn = {1-59593-352-2},
	Keywords = {data webhousing, traverse patterns, web crawler, web usage mining},
	Location = {Palo Alto, California, USA},
	Numpages = {8},
	Pages = {265--272},
	Publisher = {ACM},
	ssSeries = {ICWE '06},
	Title = {Catching Web Crawlers in the Act},
	Url = {http://doi.acm.org/10.1145/1145581.1145634},
	Year = {2006},
	Bdsk-Url-1 = {http://doi.acm.org/10.1145/1145581.1145634},
	Bdsk-Url-2 = {http://dx.doi.org/10.1145/1145581.1145634}}

@inproceedings{KrWi00,
	Acmid = {346248},
	Address = {Amsterdam, The Netherlands, The Netherlands},
	Author = {Krishnamurthy, Balachander and Wills, Craig E.},
	Booktitle = {Proc. WWW},
	Date-Added = {2014-03-24 16:20:54 +0000},
	Date-Modified = {2014-10-15 18:11:56 +0000},
	Keywords = {Web performance, Web protocols, active measurement, end-to-end performance},
	Location = {Amsterdam, The Netherlands},
	Numpages = {16},
	Pages = {17--32},
	Publisher = {North-Holland Publishing Co.},
	Title = {Analyzing Factors That Influence End-to-end Web Performance},
	Url = {http://dl.acm.org/citation.cfm?id=347319.346248},
	Year = {2000},
	Bdsk-Url-1 = {http://dl.acm.org/citation.cfm?id=347319.346248}}

@inproceedings{MaSS,
	Author = {Malandrino, D. and Scarano, V. and Spinelli, R.},
	Booktitle = {Proc.  ACM International Conference on Social Computing},
	Date-Added = {2014-03-20 10:22:56 +0000},
	Date-Modified = {2015-02-02 10:40:02 +0000},
	Doi = {10.1109/SocialCom.2013.15},
	Month = {Sept},
	Pages = {57-62},
	Title = {How Increased Awareness Can Impact Attitudes and Behaviors toward Online Privacy Protection},
	Year = {2013},
	Bdsk-Url-1 = {http://dx.doi.org/10.1109/SocialCom.2013.15}}

@inproceedings{ACH+12,
	Acmid = {2382268},
	aaAddress = {New York, NY, USA},
	Author = {Akkus, Istemi Ekin and Chen, Ruichuan and Hardt, Michaela and Francis, Paul and Gehrke, Johannes},
	Booktitle = {Proc. ACM CCS},
	Date-Added = {2014-03-20 09:42:23 +0000},
	Date-Modified = {2014-12-10 07:56:17 +0000},
	Doi = {10.1145/2382196.2382268},
	Isbn = {978-1-4503-1651-4},
	Keywords = {differential privacy, tracking, web analytics},
	Location = {Raleigh, North Carolina, USA},
	Numpages = {12},
	Pages = {687--698},
	Publisher = {ACM},
	ssSeries = {CCS '12},
	Title = {Non-tracking Web Analytics},
	Url = {http://doi.acm.org/10.1145/2382196.2382268},
	Year = {2012},
	Bdsk-Url-1 = {http://doi.acm.org/10.1145/2382196.2382268},
	Bdsk-Url-2 = {http://dx.doi.org/10.1145/2382196.2382268}}

@techreport{Roos11,
	Author = {Roosendaal, Arnold},
	Date-Added = {2014-03-20 08:43:56 +0000},
	Date-Modified = {2014-03-20 08:44:43 +0000},
	Institution = {Tilburg Law School Legal Studies},
	Number = {03/2011},
	Title = {Facebook Tracks and Traces Everyone: Like This!},
	Type = {Research Paper},
	Url = {http://ssrn.com/abstract=1717563},
	Year = {November 30, 2010},
	Bdsk-Url-1 = {http://ssrn.com/abstract=1717563}}

@inproceedings{KPKM12,
	Acmid = {2362823},
	aaAddress = {Berkeley, CA, USA},
	Author = {Kontaxis, Georgios and Polychronakis, Michalis and Keromytis, Angelos D. and Markatos, Evangelos P.},
	Booktitle = {Proc. USENIX Conference on Security Symposium},
	Date-Added = {2014-03-20 08:23:34 +0000},
	Date-Modified = {2014-10-15 18:10:50 +0000},
	Location = {Bellevue, WA},
	Numpages = {1},
	Pages = {30--30},
	Publisher = {USENIX Association},
	Series = {Security'12},
	Title = {Privacy-preserving Social Plugins},
	Url = {http://dl.acm.org/citation.cfm?id=2362793.2362823},
	Year = {2012},
	Bdsk-Url-1 = {http://dl.acm.org/citation.cfm?id=2362793.2362823},
	Bdsk-Url-2 = {https://www.usenix.org/system/files/conference/usenixsecurity12/sec12-final150.pdf?CFID=305092866&CFTOKEN=34611579}}

@techreport{LoWa12,
	Author = {L{\"o}winder, Anne-Marie Eklund and Wallstr{\"o}m, Patrik},
	Date-Added = {2014-03-19 15:44:16 +0000},
	Date-Modified = {2014-04-07 08:44:42 +0000},
	Institution = {.SE The Internet Infrastructure Foundation},
	Keywords = {iis, .se, sweden, internet, domains, dns, dnssec, ip, ipv6, e-mail, www, web, google analytics},
	Read = {0},
	Title = {Health Status 2012},
	Url = {https://www.iis.se/docs/Health-Status-2012.pdf},
	Year = {2012},
	Bdsk-Url-1 = {https://www.iis.se/docs/Health-Status-2012.pdf}}

@inproceedings{FKM+04,
	Acmid = {1028833},
	aaAddress = {New York, NY, USA},
	Author = {Feldmann, Anja and Kammenhuber, Nils and Maennel, Olaf and Maggs, Bruce and De Prisco, Roberto and Sundaram, Ravi},
	Booktitle = {Proc. IMC},
	Date-Added = {2014-03-19 12:37:53 +0000},
	Date-Modified = {2014-10-15 18:07:48 +0000},
	Doi = {10.1145/1028788.1028833},
	Isbn = {1-58113-821-0},
	Keywords = {analysis, estimation, interdomain, traffic demand, traffic matrix, web},
	Location = {Taormina, Sicily, Italy},
	Month = {October},
	Numpages = {14},
	Pages = {322--335},
	Publisher = {ACM},
	ssSeries = {IMC '04},
	Title = {A Methodology for Estimating Interdomain Web Traffic Demand},
	Url = {http://doi.acm.org/10.1145/1028788.1028833},
	Year = {2004},
	Bdsk-Url-1 = {http://doi.acm.org/10.1145/1028788.1028833},
	Bdsk-Url-2 = {http://dx.doi.org/10.1145/1028788.1028833}}

@article{SCDT00,
	Acmid = {846188},
	Address = {New York, NY, USA},
	Author = {Srivastava, Jaideep and Cooley, Robert and Deshpande, Mukund and Tan, Pang-Ning},
	Date-Added = {2014-03-19 11:44:20 +0000},
	Date-Modified = {2014-03-19 11:44:20 +0000},
	Doi = {10.1145/846183.846188},
	Issn = {1931-0145},
	Issue_Date = {January 2000},
	Journal = {SIGKDD Explor. Newsl.},
	Keywords = {data mining, web usage mining, world wide web},
	Month = jan,
	Number = {2},
	Numpages = {12},
	Pages = {12--23},
	Publisher = {ACM},
	Title = {Web Usage Mining: Discovery and Applications of Usage Patterns from Web Data},
	Url = {http://doi.acm.org/10.1145/846183.846188},
	Volume = {1},
	Year = {2000},
	Bdsk-Url-1 = {http://doi.acm.org/10.1145/846183.846188},
	Bdsk-Url-2 = {http://dx.doi.org/10.1145/846183.846188}}

@inproceedings{MPS+13,
	Acmid = {2517868},
	aaAddress = {New York, NY, USA},
	Author = {Malandrino, Delfina and Petta, Andrea and Scarano, Vittorio and Serra, Luigi and Spinelli, Raffaele and Krishnamurthy, Balachander},
	Booktitle = {Proc. ACM WPES},
	Date-Added = {2014-03-18 16:22:07 +0000},
	Date-Modified = {2014-10-15 18:14:25 +0000},
	Doi = {10.1145/2517840.2517868},
	Isbn = {978-1-4503-2485-4},
	Keywords = {enhancing technologies, privacy-awareness/leakage},
	Location = {Berlin, Germany},
	Numpages = {6},
	Pages = {279--284},
	Publisher = {ACM},
	ssSeries = {WPES '13},
	Title = {Privacy Awareness About Information Leakage: Who Knows What About Me?},
	Url = {http://doi.acm.org/10.1145/2517840.2517868},
	Year = {2013},
	Bdsk-Url-1 = {http://doi.acm.org/10.1145/2517840.2517868},
	Bdsk-Url-2 = {http://dx.doi.org/10.1145/2517840.2517868},
	Bdsk-Url-3 = {http://www2.research.att.com/~bala/papers/wpes13.pdf}}

@book{Bylu13,
	Author = {Bylund, Markus},
	Date-Added = {2014-03-11 15:28:53 +0000},
	Date-Modified = {2014-03-11 15:48:32 +0000},
	Edition = {1},
	Isbn = {978-91-87379-12-3},
	Keywords = {integrity, privacy, sweden},
	Publisher = {FORES},
	Title = {Personlig integritet p{\aa} n{\"a}tet},
	Url = {http://personligintegritet.se/wp-content/uploads/2013/11/FORES-Personligintegritet_web_enkelsid.pdf},
	Year = {2013},
	Bdsk-Url-1 = {http://personligintegritet.se/wp-content/uploads/2013/11/FORES-Personligintegritet_web_enkelsid.pdf}}

@inproceedings{GEC+13,
	Acmid = {2504768},
	aaAddress = {New York, NY, USA},
	Author = {Gill, Phillipa and Erramilli, Vijay and Chaintreau, Augustin and Krishnamurthy, Balachander and Papagiannaki, Konstantina and Rodriguez, Pablo},
	Booktitle = {Proc. IMC},
	Date-Added = {2014-03-11 14:21:57 +0000},
	Date-Modified = {2014-12-09 11:46:04 +0000},
	Doi = {10.1145/2504730.2504768},
	Isbn = {978-1-4503-1953-9},
	Keywords = {advertising, aggregators, do-not-track, privacy, publishers},
	Location = {Barcelona, Spain},
	Numpages = {8},
	Pages = {141--148},
	Publisher = {ACM},
	ssSeries = {IMC '13},
	Title = {Best Paper -- Follow the Money: Understanding Economics of Online Aggregation and Advertising},
	Url = {http://www2.research.att.com/~bala/papers/imc13.pdf},
	Year = {2013},
	Bdsk-Url-1 = {http://doi.acm.org/10.1145/2504730.2504768},
	Bdsk-Url-2 = {http://dx.doi.org/10.1145/2504730.2504768},
	Bdsk-Url-3 = {http://www2.research.att.com/~bala/papers/imc13.pdf}}

@inproceedings{KrWi06,
	Acmid = {1135829},
	aaAddress = {New York, NY, USA},
	Author = {Krishnamurthy, Balachander and Wills, Craig E.},
	Booktitle = {Proc. WWW},
	Date-Added = {2014-03-11 11:04:30 +0000},
	Date-Modified = {2014-12-09 13:25:41 +0000},
	Doi = {10.1145/1135777.1135829},
	Isbn = {1-59593-323-9},
	Keywords = {anonymity, content blocking, privacy, web registration},
	Location = {Edinburgh, Scotland},
	Numpages = {10},
	Pages = {337--346},
	Publisher = {ACM},
	ssSeries = {WWW '06},
	Title = {Cat and Mouse: Content Delivery Tradeoffs in Web Access},
	Url = {http://www2.research.att.com/~bala/papers/cam.pdf},
	Year = {2006},
		Bdsk-Url-1 = {http://doi.acm.org/10.1145/1135777.1135829},
	Bdsk-Url-2 = {http://dx.doi.org/10.1145/1135777.1135829},
	Bdsk-Url-3 = {http://www.research.att.com/~bala/papers/cam.pdf},
	Bdsk-Url-4 = {http://www2.research.att.com/~bala/papers/cam.pdf}}

@techreport{Ecke09,
	Author = {Eckersley, Peter},
	Biburl = {http://www.bibsonomy.org/bibtex/2fd7b6faa4260a3d6471f12489d7bb176/brightbyte},
	Date-Added = {2014-03-11 10:37:21 +0000},
	Date-Modified = {2014-10-15 18:01:38 +0000},
	Institution = {Electronic Frontier Foundation},
	Interhash = {ba9b1c5f26a1c85bb2c5819b2c9ff385},
	Intrahash = {fd7b6faa4260a3d6471f12489d7bb176},
	Timestamp = {2010-05-18T16:13:52.000+0200},
	Title = {How Unique Is Your Web Browser?},
	Url = {https://panopticlick.eff.org/browser-uniqueness.pdf},
	Year = 2009,
	Bdsk-Url-1 = {https://panopticlick.eff.org/browser-uniqueness.pdf}}

